@online{Rus:scholar-trends,
	author = {Rus, Michal},
	title = {Google Scholar and Microsoft Academic Search trend drawing tool},
	year = 2013,
	url = {https://github.com/michalrus/agh-google-scholar-trends},
	urldate = {2015-05-07}
}

@article{Kaltz:context,
	author = {Kaltz, J.W. and Ziegler, J. and Lohmann, S.},
	year = {2005},
	title = {Context-aware Web Engineering: Modeling and Applications},
	journal = {Revue d'Intelligence Artificielle},
	volume = {19},
	number = {3},
	pages = {439-458},
	url = {http://interactivesystems.info/system/pdfs/112/original/14852.pdf},
}

@article{Dey:context,
	author = {Anind K. Dey and Gregory D. Abowd},
	year = {1999},
	title = {Towards a Better Understanding of Context and Context-Awareness},
	url = {ftp://ftp.cc.gatech.edu/pub/gvu/tr/1999/99-22.pdf},
}

@article{Rosslin:context,
	author = {Robles, Rosslin John and Tai-hoon Kim},
	year = {2010},
	month = {1},
	title = {Review: Context Aware Tools for Smart Home Development},
	journal = {International Journal of Smart Home},
	volume = {4},
	number = {1},
	pages = {2-3},
	url = {http://www.sersc.org/journals/IJSH/vol4_no1_2010/1.pdf},
}

@online{wiki:ubiquitous,
	author = "Wikipedia",
	title = "Ubiquitous computing --- Wikipedia{,} The Free Encyclopedia",
	year = "2015",
	url = "http://en.wikipedia.org/w/index.php?title=Ubiquitous_computing&oldid=658955609",
	urldate = {2015-05-07}
}

@online{aware,
	author = "AWARE Framework",
	title = "Android Mobile Context Instrumentation Framework",
	year = "2014",
	url = "https://web.archive.org/web/20141219024716/http://www.awareframework.com/",
	urldate = {2014-12-19}
}
